<record><leader>00000cas a22000007a 4500</leader><controlfield tag="001">37192768</controlfield><controlfield tag="008">970625d18951899meuwr ne      0    0eng d</controlfield><datafield ind1=" " ind2=" " tag="010"><subfield code="a">sn 97062715 </subfield></datafield><datafield ind1=" " ind2=" " tag="040"><subfield code="a">MBN</subfield><subfield code="b">eng</subfield><subfield code="c">MBN</subfield><subfield code="d">OCLCQ</subfield><subfield code="d">OCLCF</subfield><subfield code="d">OCLCO</subfield></datafield><datafield ind1="1" ind2=" " tag="029"><subfield code="a">AU@</subfield><subfield code="b">000013335413</subfield></datafield><datafield ind1=" " ind2=" " tag="042"><subfield code="a">msc</subfield></datafield><datafield ind1=" " ind2=" " tag="043"><subfield code="a">n-us-me</subfield></datafield><datafield ind1="0" ind2="0" tag="245"><subfield code="a">Sanford weekly tribune.</subfield></datafield><datafield ind1=" " ind2=" " tag="260"><subfield code="a">Sanford, Me. :</subfield><subfield code="b">G.W. Huff</subfield></datafield><datafield ind1=" " ind2=" " tag="300"><subfield code="a">v.</subfield></datafield><datafield ind1=" " ind2=" " tag="310"><subfield code="a">Weekly</subfield></datafield><datafield ind1="0" ind2=" " tag="362"><subfield code="a">Vol. 1, no. 1 (Dec. 19, 1895)-v. 4, no. 30 (July 7, 1899).</subfield></datafield><datafield ind1=" " ind2="0" tag="651"><subfield code="a">Sanford (Me.)</subfield><subfield code="v">Newspapers.</subfield></datafield><datafield ind1=" " ind2="7" tag="655"><subfield code="a">Newspapers.</subfield><subfield code="2">fast</subfield><subfield code="0">(OCoLC)fst01423814</subfield></datafield><datafield ind1=" " ind2="7" tag="651"><subfield code="a">Maine</subfield><subfield code="z">Sanford.</subfield><subfield code="2">fast</subfield><subfield code="0">(OCoLC)fst01237019</subfield></datafield><datafield ind1=" " ind2=" " tag="752"><subfield code="a">United States</subfield><subfield code="b">Maine</subfield><subfield code="c">York</subfield><subfield code="d">Sanford.</subfield></datafield><datafield ind1="0" ind2="0" tag="785"><subfield code="t">Sanford tribune</subfield><subfield code="w">(OCoLC)95067874</subfield></datafield></record>